<?xml version="1.0" encoding="utf-8"?>
<record xmlns="http://www.loc.gov/MARC21/slim" xmlns:xsi="http://www.w3.org/2001/XMLSchema-instance" xsi:schemaLocation="http://www.loc.gov/MARC21/slim http://www.loc.gov/standards/marcxml/schema/MARC21slim.xsd">
	<leader>     nam a22        4500</leader>
	<controlfield tag="001">4515148</controlfield>
	<controlfield tag="003">NIC</controlfield>
	<controlfield tag="006">m        d        </controlfield>
	<controlfield tag="007">cr cn |||m|||a</controlfield>
	<controlfield tag="008">160323m19431976ua      o     000 0 ara  </controlfield>
	<datafield ind1=" " ind2=" " tag="040">
		<subfield code="a">NNU</subfield>
		<subfield code="b">eng</subfield>
		<subfield code="e">rda</subfield>
		<subfield code="c">NNU</subfield>
	</datafield>
	<datafield ind1=" " ind2=" " tag="043">
		<subfield code="a">f-ua---</subfield>
	</datafield>
	<datafield ind1=" " ind2="0" tag="050">
		<subfield code="a">BX132</subfield>
		<subfield code="b">.S3</subfield>
	</datafield>
	<datafield ind1="0" ind2=" " tag="100">
		<subfield code="6">880-01</subfield>
		<subfield code="a">Sāwīrus ibn al-Muqaffaʻ,</subfield>
		<subfield code="c">Bishop of el-Ashmunein,</subfield>
		<subfield code="d">active 955-987.</subfield>
	</datafield>
	<datafield ind1="1" ind2="0" tag="245">
		<subfield code="6">880-02</subfield>
		<subfield code="a">Taʼrikh baṭārikat al-Kanīsah al-Miṣrīyah :</subfield>
		<subfield code="b">al-maʻruf bi-Siyar al-Bayʻah al-Muqaddasah /</subfield>
		<subfield code="c">li-Sāwīrus ibn al-Muqaffaʻ usquf al-Ashmūnayn ; qāma ʻala nashrihi Yassa ʻAbd al-Masīḥ, Uswald Burmastar.</subfield>
	</datafield>
	<datafield ind1=" " ind2=" " tag="260">
		<subfield code="6">880-03</subfield>
		<subfield code="a">al-Qāhirah :</subfield>
		<subfield code="b">Jamʻīyat al-Āthār al-Qibṭīyah,</subfield>
		<subfield code="c">1943-1976.</subfield>
	</datafield>
	<datafield ind1=" " ind2=" " tag="300">
		<subfield code="a">online resource (3 volumes in 8)</subfield>
	</datafield>
	<datafield ind1=" " ind2=" " tag="336">
		<subfield code="a">text</subfield>
		<subfield code="2">rdacontent</subfield>
	</datafield>
	<datafield ind1=" " ind2=" " tag="337">
		<subfield code="a">computer</subfield>
		<subfield code="2">rdamedia</subfield>
	</datafield>
	<datafield ind1=" " ind2=" " tag="338">
		<subfield code="a">online resource</subfield>
		<subfield code="2">rdacarrier</subfield>
	</datafield>
	<datafield ind1="1" ind2=" " tag="490">
		<subfield code="6">880-04</subfield>
		<subfield code="a">Maṭbūʻāt Jamʻīyat al-Āthār al-Qibṭīyah. Qism al-nuṣūṣ wa-al-wathāʼiq</subfield>
	</datafield>
	<datafield ind1=" " ind2=" " tag="500">
		<subfield code="a">A continuation of the Arabic text published by C.F. Seybold under title: Historia patriarcharum Alexandrinorum, Tomus 1 (Beirut, 1904-10).</subfield>
	</datafield>
	<datafield ind1=" " ind2=" " tag="500">
		<subfield code="a">al-Mujallad 2., al-juzʼ 3. also edited by ʻAziz Sūryal Atiya ; al-Mujallad 3-4 edited by Antoine Khater and Oswald Hugh Ewart Burmester.</subfield>
	</datafield>
	<datafield ind1=" " ind2=" " tag="500">
		<subfield code="a">Part of the Arabic Collections Online (ACO) project, contributed by Cornell University Libraries.</subfield>
	</datafield>
	<datafield ind1="0" ind2=" " tag="505">
		<subfield code="6">880-05</subfield>
		<subfield code="a">al-Mujallad 2., al-juzʼ 1., Min al-Baṭrīyark Khāyīl al-Thānī ilá al-Baṭrīyark Shanūdah al-Awwal, 829-880 M. -- al-Mujallad 2., al-juzʼ 2., Min al-Baṭrīyark Khāyīl al-Thālith ilá al-Baṭrīyark Shanūdah al-Thānī, 880-1066 M. -- al-Mujallad 2., al-juzʼ 3., Min al-Baṭrīyark Akhrīsṭūdlūs ilá al-Baṭrīyark Mīkhāyīl, 1046-1102 M. -- al-Mujallad 3., al-juzʼ 1., Min al-Baṭrīyark Maqārah al-Thānī ilá Baṭrīyark Yūḥannā al-Khāmis, 1102-1167 M -- al-Mujallad 3., al-juzʼ 2., al-Baṭrīyark Maqus al-Thālith wa al-Baṭrīyark Yūḥannā al-Sādis, 1167-1216 M. -- al-Mujallad 3., al-juzʼ 3., min al-Baṭrīyark Kīrilus al-Thānī ilá al-Baṭaryark Kīrilus al-Khāmis, 1235-1895 M. -- al-Mujallad 4., al-juzʼān 1-2, al-Baṭrīyark Kīrilus al-Thālith, Ibn Laqlaq, 1216-1243 M.</subfield>
	</datafield>
	<datafield ind1=" " ind2=" " tag="533">
		<subfield code="a">Electronic reproduction.</subfield>
		<subfield code="b">New York, N.Y. :</subfield>
		<subfield code="c">New York University,</subfield>
		<subfield code="d">2016.</subfield>
		<subfield code="5">NNU</subfield>
	</datafield>
	<datafield ind1="2" ind2="0" tag="610">
		<subfield code="a">Coptic Church</subfield>
		<subfield code="x">History.</subfield>
	</datafield>
	<datafield ind1=" " ind2="0" tag="650">
		<subfield code="a">Patriarchs and patriarchate</subfield>
		<subfield code="z">Egypt</subfield>
		<subfield code="z">Alexandria</subfield>
		<subfield code="x">History.</subfield>
	</datafield>
	<datafield ind1=" " ind2="0" tag="651">
		<subfield code="a">Alexandria (Egypt)</subfield>
		<subfield code="x">History.</subfield>
	</datafield>
	<datafield ind1="2" ind2="7" tag="610">
		<subfield code="a">Coptic Church.</subfield>
		<subfield code="2">fast</subfield>
		<subfield code="0">(OCoLC)fst00536919</subfield>
	</datafield>
	<datafield ind1=" " ind2="7" tag="650">
		<subfield code="a">Patriarchs and patriarchate.</subfield>
		<subfield code="2">fast</subfield>
		<subfield code="0">(OCoLC)fst01055077</subfield>
	</datafield>
	<datafield ind1=" " ind2="7" tag="651">
		<subfield code="a">Egypt</subfield>
		<subfield code="z">Alexandria.</subfield>
		<subfield code="2">fast</subfield>
		<subfield code="0">(OCoLC)fst01208911</subfield>
	</datafield>
	<datafield ind1=" " ind2="7" tag="655">
		<subfield code="a">History.</subfield>
		<subfield code="2">fast</subfield>
		<subfield code="0">(OCoLC)fst01411628</subfield>
	</datafield>
	<datafield ind1="1" ind2=" " tag="700">
		<subfield code="6">880-06</subfield>
		<subfield code="a">ʻAbd al-Masīḥ, Yassā.</subfield>
	</datafield>
	<datafield ind1="1" ind2=" " tag="700">
		<subfield code="a">Khs-Burmester, O. H. E.</subfield>
		<subfield code="q">(Oswald Hugh Ewart)</subfield>
	</datafield>
	<datafield ind1="1" ind2=" " tag="700">
		<subfield code="6">880-07</subfield>
		<subfield code="a">Atiya, Aziz Suryal,</subfield>
		<subfield code="d">1898-1988.</subfield>
	</datafield>
	<datafield ind1="1" ind2=" " tag="700">
		<subfield code="a">Khater, Antoine.</subfield>
	</datafield>
	<datafield ind1="2" ind2=" " tag="710">
		<subfield code="6">880-08</subfield>
		<subfield code="a">Jamʻīyat al-Āthār al-Qibṭīyah (Egypt)</subfield>
	</datafield>
	<datafield ind1="2" ind2=" " tag="710">
		<subfield code="a">Cornell University.</subfield>
		<subfield code="b">Libraries.</subfield>
	</datafield>
	<datafield ind1="0" ind2=" " tag="730">
		<subfield code="a">Arabic Collections Online.</subfield>
	</datafield>
	<datafield ind1="0" ind2="8" tag="776">
		<subfield code="i">Print version:</subfield>
		<subfield code="a">Sāwīrus ibn al-Muqaffaʻ, Bishop of el-Ashmunein, active 955-987.</subfield>
		<subfield code="t">Taʼrikh baṭārikat al-Kanīsah al-Miṣrīyah</subfield>
		<subfield code="w">(NIC)4515148</subfield>
		<subfield code="w">(DLC) 59050957 </subfield>
		<subfield code="w">(OCoLC)6781171</subfield>
	</datafield>
	<datafield ind1=" " ind2="0" tag="830">
		<subfield code="6">880-09</subfield>
		<subfield code="a">Maṭbūʻāt Jamʻīyat al-Āthār al-Qibṭīyah.</subfield>
		<subfield code="p">Qism al-nuṣūṣ wa-al-wathāʼiq.</subfield>
	</datafield>
	<datafield ind1="4" ind2="0" tag="856">
		<subfield code="u">http://hdl.handle.net/2333.1/v6wwq2tc</subfield>
	</datafield>
	<datafield ind1="0" ind2=" " tag="880">
		<subfield code="6">100-01</subfield>
		<subfield code="a">ساويرس بن المقفع،</subfield>
		<subfield code="c">أسقف الأشمونين,</subfield>
		<subfield code="d">active 955-987.</subfield>
	</datafield>
	<datafield ind1="1" ind2="0" tag="880">
		<subfield code="6">245-02</subfield>
		<subfield code="a">تاريخ بطاركة الكنيسة المصرية :</subfield>
		<subfield code="b">المعروف بسير البيعة المقدسة /</subfield>
		<subfield code="c">لساويرس بن المقفع أسقف الاشمونين ؛ قام على نشره يسى عبد المسيح، اسولد برمستر.</subfield>
	</datafield>
	<datafield ind1=" " ind2=" " tag="880">
		<subfield code="6">260-03</subfield>
		<subfield code="a">القاهرة :</subfield>
		<subfield code="b">جمعية الآثار القبطية،</subfield>
		<subfield code="c">1943-1976.</subfield>
	</datafield>
	<datafield ind1="1" ind2=" " tag="880">
		<subfield code="6">490-04</subfield>
		<subfield code="a">مطبوعات جمعية الآثار القبطية، قسم النصوص والوثائق</subfield>
	</datafield>
	<datafield ind1="0" ind2=" " tag="880">
		<subfield code="6">505-05</subfield>
		<subfield code="a">المجلد 2.، الجزء 1.، من البطريرك خاييل الثاني الى البطريرك شنودة الاول، 829-880 م. المجلد 2.، الجزء 2.، من البطريرك خاييل الثالث الى البطريرك شنودة الثاني، 880-1066 م. المجلد 2.، الجزء 3.، من البطريرك اخريسطودلوس الى البطريرك ميخاييل، 1046-1102 م. المجلد 3.، الجزء 1.، من البطريرك مقارة الثاني الى بطريرك يحونا الخامس، 1102-1167 م المجلد 3.، الجزء 2.، البطريرك مقس الثالث و البطريرك يوحنا السادس، 1167-1216 م. المجلد 3.، الجزء 3.، من البطريرك كيرلس الثاني الى البطريرك كيرلس الخامس، 1235-1895 م. المجلد 4.، الجزآن 1-2، البطريرك كيرلس الثالث، ابن لقلق، 1216-1243 م.</subfield>
	</datafield>
	<datafield ind1="1" ind2=" " tag="880">
		<subfield code="6">700-06</subfield>
		<subfield code="a">عبد المسيح، يسى.</subfield>
	</datafield>
	<datafield ind1="1" ind2=" " tag="880">
		<subfield code="6">700-07</subfield>
		<subfield code="a">عطية، عزيز سوريال.</subfield>
	</datafield>
	<datafield ind1="2" ind2=" " tag="880">
		<subfield code="6">710-08</subfield>
		<subfield code="a">جمعية الآثار القبطية (مصر)</subfield>
	</datafield>
	<datafield ind1=" " ind2="0" tag="880">
		<subfield code="6">830-09</subfield>
		<subfield code="a">مطبوعات جمعية الاثار القبطية.</subfield>
		<subfield code="p">قسم النصوص والوثائق.</subfield>
	</datafield>
	<datafield ind1=" " ind2=" " tag="959">
		<subfield code="a">NNU</subfield>
		<subfield code="b">WEB</subfield>
		<subfield code="c">GENI</subfield>
		<subfield code="t">0</subfield>
		<subfield code="m">Electronic access</subfield>
		<subfield code="s">01</subfield>
	</datafield>
	<datafield ind1=" " ind2=" " tag="999">
		<subfield code="i">NIC_4515148</subfield>
		<subfield code="o">(OCoLC)ocm06781171</subfield>
		<subfield code="s">cornell_aco000558:v.2:pt.1</subfield>
		<subfield code="s">cornell_aco000428:v.2:pt.2</subfield>
		<subfield code="s">cornell_aco000432:v.3:pt.1</subfield>
		<subfield code="s">cornell_aco000430:v.3:pt.2</subfield>
		<subfield code="s">cornell_aco000429:v.3:pt.3</subfield>
		<subfield code="s">cornell_aco000433:v.4:pt.1</subfield>
		<subfield code="s">cornell_aco000434:v.4:pt.2</subfield>
		<subfield code="e">(ERROR-880)</subfield>
		<subfield code="s">cornell_aco000558:v.2:pt.1</subfield>
		<subfield code="s">cornell_aco000428:v.2:pt.2</subfield>
		<subfield code="s">cornell_aco000432:v.3:pt.1</subfield>
		<subfield code="s">cornell_aco000430:v.3:pt.2</subfield>
		<subfield code="s">cornell_aco000429:v.3:pt.3</subfield>
		<subfield code="s">cornell_aco000433:v.4:pt.1</subfield>
		<subfield code="s">cornell_aco000434:v.4:pt.2</subfield>
	</datafield>
</record>
